<record><leader>02489cam a2200361 a 4500</leader><controlfield tag="001">1355247</controlfield><controlfield tag="005">19900307084756.7</controlfield><controlfield tag="008">910208s1985    dk a         f1   0 eng d</controlfield><datafield ind1=" " ind2=" " tag="010"><subfield code="a">   86219506</subfield></datafield><datafield ind1=" " ind2=" " tag="020"><subfield code="a">8788289508 (pbk.)</subfield></datafield><datafield ind1=" " ind2=" " tag="035"><subfield code="a">ocm21290989</subfield></datafield><datafield ind1=" " ind2=" " tag="040"><subfield code="a">DLC</subfield><subfield code="b">eng</subfield><subfield code="c">DLC</subfield><subfield code="d">DLC</subfield></datafield><datafield ind1=" " ind2=" " tag="043"><subfield code="a">ev-----</subfield></datafield><datafield ind1=" " ind2=" " tag="049"><subfield code="a">AEU</subfield><subfield code="b">eng</subfield></datafield><datafield ind1="0" ind2="0" tag="050"><subfield code="a">Q181.A1</subfield><subfield code="b">N66 1985</subfield></datafield><datafield ind1="0" ind2="0" tag="082"><subfield code="a">507.1/248</subfield><subfield code="2">20</subfield></datafield><datafield ind1="0" ind2=" " tag="090"><subfield code="a">Q 181 A1 N832 1985</subfield></datafield><datafield ind1="2" ind2=" " tag="111"><subfield code="a">Nordic Workshop on the Teaching of Science and Technology in an Interdisciplinary Context</subfield><subfield code="d">(1985 :</subfield><subfield code="c">Kollekolle, Denmark)</subfield></datafield><datafield ind1="1" ind2="4" tag="245"><subfield code="a">The teaching of science and technology in an interdisciplinary context :</subfield><subfield code="b">proceedings of a Nordic workshop, Kollekolle, June 7-10, 1985 /</subfield><subfield code="c">editor, Erik W. Thulstrup.</subfield></datafield><datafield ind1=" " ind2=" " tag="260"><subfield code="a">[Copenhagen] :</subfield><subfield code="b">Royal Danish School of Educational Studies,</subfield><subfield code="c">[1985]</subfield></datafield><datafield ind1=" " ind2=" " tag="300"><subfield code="a">84 p. :</subfield><subfield code="b">ill. ;</subfield><subfield code="c">21 cm.</subfield></datafield><datafield ind1=" " ind2=" " tag="336"><subfield code="a">text</subfield><subfield code="b">txt</subfield><subfield code="2">rdacontent</subfield></datafield><datafield ind1=" " ind2=" " tag="337"><subfield code="a">unmediated</subfield><subfield code="b">n</subfield><subfield code="2">rdamedia</subfield></datafield><datafield ind1=" " ind2=" " tag="338"><subfield code="a">volume</subfield><subfield code="b">nc</subfield><subfield code="2">rdacarrier</subfield></datafield><datafield ind1=" " ind2=" " tag="500"><subfield code="a">The Nordic Workshop on the Teaching of Science and Technology in an Interdisciplinary Context organized by the Nordic Center of the International Network on Chemical Education and the Chemistry Department, Royal Danish School of Educational Studies.</subfield></datafield><datafield ind1="0" ind2=" " tag="505"><subfield code="a">Thematic work in chemistry in the upper secondary school / B. Egneus and A. Tullberg -- Project work in environmental protection / B. Egneus and A. Tullberg -- The teaching of chemistry and food science in an interdisciplinary context / H. Levin Hansen -- Project based teaching at the upper secondary level / A. Kvam -- A public science day / B. Lindh -- Science and language / B. Lindh -- Chemistry and history / B. Lindh -- Impirical [sic] science at an early age / N. Michaelsen -- Projects on mathematical modelling at RUC / M. Niss -- Interdisciplinary teaching of mathematics, physics, chemistry, and social science / K. N&#248;rskov and K. Overg&#229;rd -- An interdisciplinary environmental course at Aarhus University / B. Tejg Jensen.</subfield></datafield><datafield ind1=" " ind2=" " tag="596"><subfield code="a">38</subfield></datafield><datafield ind1=" " ind2="0" tag="650"><subfield code="a">Science</subfield><subfield code="x">Study and teaching (Secondary)</subfield><subfield code="v">Congresses.</subfield></datafield><datafield ind1=" " ind2="0" tag="650"><subfield code="a">Science</subfield><subfield code="x">Study and teaching (Secondary)</subfield><subfield code="z">Scandinavia</subfield><subfield code="v">Congresses.</subfield></datafield><datafield ind1="1" ind2=" " tag="700"><subfield code="a">Thulstrup, Erik Waaben,</subfield><subfield code="d">1941-</subfield></datafield><datafield ind1="2" ind2=" " tag="710"><subfield code="a">Nordic Center of the International Network on Chemical Education.</subfield></datafield><datafield ind1="2" ind2=" " tag="710"><subfield code="a">Danmarks l&#230;rerh&#248;jskole.</subfield><subfield code="b">Kemisk institut.</subfield></datafield><datafield ind1=" " ind2=" " tag="926"><subfield code="a">Q 181 A1 N832 1985</subfield><subfield code="w">LC</subfield><subfield code="c">1</subfield><subfield code="i">000035711365</subfield><subfield code="d">8/19/2003</subfield><subfield code="e">4/20/2003</subfield><subfield code="l">ON_SHELF</subfield><subfield code="m">UABARD</subfield><subfield code="n">6</subfield><subfield code="p">$150.00</subfield><subfield code="r">Y</subfield><subfield code="s">Y</subfield><subfield code="t">BOOK</subfield><subfield code="u">2/22/1991</subfield><subfield code="o">.STAFF. A0061617</subfield></datafield></record>